@article{brighton2006understanding,
  title={Understanding linguistic evolution by visualizing the emergence of topographic mappings},
  author={Brighton, Henry and Kirby, Simon},
  journal={Artificial life},
  volume={12},
  number={2},
  pages={229--242},
  year={2006},
  publisher={MIT Press}
}

@article{li2019ease,
  title={Ease-of-Teaching and Language Structure from Emergent Communication},
  author={Li, Fushan and Bowling, Michael},
  journal={arXiv preprint arXiv:1906.02403},
  year={2019}
}