@article{silver2017mastering,
  title={Mastering the game of go without human knowledge},
  author={Silver, David and Schrittwieser, Julian and Simonyan, Karen and Antonoglou, Ioannis and Huang, Aja and Guez, Arthur and Hubert, Thomas and Baker, Lucas and Lai, Matthew and Bolton, Adrian and others},
  journal={Nature},
  volume={550},
  number={7676},
  pages={354},
  year={2017},
  publisher={Nature Publishing Group}
}

@article{mnih2015human,
  title={Human-level control through deep reinforcement learning},
  author={Mnih, Volodymyr and Kavukcuoglu, Koray and Silver, David and Rusu, Andrei A and Veness, Joel and Bellemare, Marc G and Graves, Alex and Riedmiller, Martin and Fidjeland, Andreas K and Ostrovski, Georg and others},
  journal={Nature},
  volume={518},
  number={7540},
  pages={529},
  year={2015},
  publisher={Nature Publishing Group}
}

@article{gong2013computer,
  title={Computer simulation as a scientific approach in evolutionary linguistics},
  author={Gong, Tao and Shuai, Lan},
  journal={Language Sciences},
  volume={40},
  pages={12--23},
  year={2013},
  publisher={Elsevier}
}

@article{brighton2005language,
  title={Language as an evolutionary system},
  author={Brighton, Henry and Smith, Kenny and Kirby, Simon},
  journal={Physics of Life Reviews},
  volume={2},
  number={3},
  pages={177--226},
  year={2005},
  publisher={Elsevier}
}

@book{lieberman2006toward,
  title={Toward an evolutionary biology of language},
  author={Lieberman, Philip},
  year={2006},
  publisher={Harvard University Press}
}

@book{kirby1999function,
  title={Function, selection, and innateness: The emergence of language universals},
  author={Kirby, Simon},
  year={1999},
  publisher={OUP Oxford}
}

@article{vogt2005acquisition,
  title={On the acquisition and evolution of compositional languages: Sparse input and the productive creativity of children},
  author={Vogt, Paul},
  journal={Adaptive Behavior},
  volume={13},
  number={4},
  pages={325--346},
  year={2005},
  publisher={Sage Publications Sage CA: Thousand Oaks, CA}
}

@article{munroe2002learning,
  title={Learning and the evolution of language: The role of cultural variation and learning costs in the Baldwin effect},
  author={Munroe, Steve and Cangelosi, Angelo},
  journal={Artificial life},
  volume={8},
  number={4},
  pages={311--339},
  year={2002},
  publisher={MIT Press}
}

@article{minett2008modelling,
  title={Modelling endangered languages: The effects of bilingualism and social structure},
  author={Minett, James W and Wang, William SY},
  journal={Lingua},
  volume={118},
  number={1},
  pages={19--45},
  year={2008},
  publisher={Elsevier}
}

@article{ke2008language,
  title={Language change and social networks},
  author={Ke, Jinyun and Gong, Tao and Wang, William SY},
  journal={Communications in Computational Physics},
  volume={3},
  number={4},
  pages={935--949},
  year={2008},
  publisher={Global Science Press. The Journal's web site is located at http://www~â€¦}
}

@book{sutton1998introduction,
  title={Introduction to reinforcement learning},
  author={Sutton, Richard S and Barto, Andrew G and others},
  volume={135},
  year={1998},
  publisher={MIT press Cambridge}
}

@inproceedings{lowe2017multi,
  title={Multi-agent actor-critic for mixed cooperative-competitive environments},
  author={Lowe, Ryan and Wu, Yi and Tamar, Aviv and Harb, Jean and Abbeel, OpenAI Pieter and Mordatch, Igor},
  booktitle={Advances in Neural Information Processing Systems},
  pages={6379--6390},
  year={2017}
}

@inproceedings{briscoe1998language,
  title={Language as a complex adaptive system: co-evolution of language and of the language acquisition device},
  author={Briscoe, Edward J},
  booktitle={Proceedings of eighth computational linguistics in the Netherlands Conference},
  pages={3--40},
  year={1998},
  organization={Citeseer}
}

@misc{darwin1859origin,
  title={On the Origin of Species by Means of Natural Selection (J. Murray, London)},
  author={Darwin, Charles},
  year={1859}
}

@incollection{parisi2007emergence,
  title={The emergence of language: how to simulate it},
  author={Parisi, Domenico and Mirolli, Marco},
  booktitle={Emergence of communication and language},
  pages={269--285},
  year={2007},
  publisher={Springer}
}

@article{steels2005emergence,
  title={The emergence and evolution of linguistic structure: from lexical to grammatical communication systems},
  author={Steels, Luc},
  journal={Connection science},
  volume={17},
  number={3-4},
  pages={213--230},
  year={2005},
  publisher={Taylor \& Francis}
}

@article{evans2009myth,
  title={The myth of language universals: Language diversity and its importance for cognitive science},
  author={Evans, Nicholas and Levinson, Stephen C},
  journal={Behavioral and brain sciences},
  volume={32},
  number={5},
  pages={429--448},
  year={2009},
  publisher={Cambridge University Press}
}

@article{kirby2014iterated,
  title={Iterated learning and the evolution of language},
  author={Kirby, Simon and Griffiths, Tom and Smith, Kenny},
  journal={Current opinion in neurobiology},
  volume={28},
  pages={108--114},
  year={2014},
  publisher={Elsevier}
}

@Misc{james1999numeral,
howpublished = {\url{http://www.lel.ed.ac.uk/~jim/grownum.html}},
note = {Accessed March 12, 2019},
year = {1999},
title = {ARTIFICIALLY GROWING A NUMERAL SYSTEM},
author = {Hurford, James R}
}



@Misc{wiki2019ordinal,
howpublished = {\url{https://en.wikipedia.org/wiki/Ordinal_number_(linguistics)}},
note = {Accessed March 12, 2019},
year = {2019},
title = {Ordinal Number (linguistics)},
author = {Wikipedia}
}

@article{hurford1989biological,
  title={Biological evolution of the Saussurean sign as a component of the language acquisition device},
  author={Hurford, James R},
  journal={Lingua},
  volume={77},
  number={2},
  pages={187--222},
  year={1989},
  publisher={Elsevier}
}

@book{hurford1998approaches,
  title={Approaches to the evolution of language: Social and cognitive bases},
  author={Hurford, James R and Studdert-Kennedy, Michael and Knight, Chris},
  year={1998},
  publisher={Cambridge University Press}
}

@book{knight2000evolutionary,
  title={The evolutionary emergence of language: social function and the origins of linguistic form},
  author={Knight, Chris and Studdert-Kennedy, Michael and Hurford, James},
  year={2000},
  publisher={Cambridge University Press}
}

@book{briscoe2002book,
   author = {Briscoe, Ted},
   year = {2002},
   title = {Linguistic Evolution through Language Acquisition: Formal and Computational Models},
   publisher={Cambridge University Press}
}

@book{cangelosi2012simulating,
  title={Simulating the evolution of language},
  author={Cangelosi, Angelo and Parisi, Domenico},
  year={2012},
  publisher={Springer Science \& Business Media}
}

@book{christiansen2003language,
  title={Language evolution},
  author={Christiansen, Morten H and Kirby, Simon},
  year={2003},
  publisher={OUP Oxford}
}

@book{bickerton2009biological,
  title={Biological foundations and origin of syntax},
  author={Bickerton, Derek and Szathm{\'a}ry, E{\"o}rs},
  volume={3},
  year={2009},
  publisher={Mit Press}
}


@book{wittgenstein2009philosophical,
  title={Philosophical investigations},
  author={Wittgenstein, Ludwig},
  year={1953},
  publisher={John Wiley \& Sons}
}

@book{lewis2008convention,
  title={Convention: A philosophical study},
  author={Lewis, David},
  year={1969},
  publisher={John Wiley \& Sons}
}

@article{hermann2017grounded,
  title={Grounded language learning in a simulated 3d world},
  author={Hermann, Karl Moritz and Hill, Felix and Green, Simon and Wang, Fumin and Faulkner, Ryan and Soyer, Hubert and Szepesvari, David and Czarnecki, Wojciech Marian and Jaderberg, Max and Teplyashin, Denis and others},
  journal={arXiv preprint arXiv:1706.06551},
  year={2017}
}

@article{yu2018interactive,
  title={Interactive grounded language acquisition and generalization in a 2d world},
  author={Yu, Haonan and Zhang, Haichao and Xu, Wei},
  journal={arXiv preprint arXiv:1802.01433},
  year={2018}
}

@inproceedings{das2018embodied,
  title={Embodied question answering},
  author={Das, Abhishek and Datta, Samyak and Gkioxari, Georgia and Lee, Stefan and Parikh, Devi and Batra, Dhruv},
  booktitle={Proceedings of the IEEE Conference on Computer Vision and Pattern Recognition Workshops},
  pages={2054--2063},
  year={2018}
}

@inproceedings{mordatch2018emergence,
  title={Emergence of grounded compositional language in multi-agent populations},
  author={Mordatch, Igor and Abbeel, Pieter},
  booktitle={Thirty-Second AAAI Conference on Artificial Intelligence},
  year={2018}
}

@inproceedings{havrylov2017emergence,
  title={Emergence of language with multi-agent games: Learning to communicate with sequences of symbols},
  author={Havrylov, Serhii and Titov, Ivan},
  booktitle={Advances in neural information processing systems},
  pages={2149--2159},
  year={2017}
}

@article{jaques2018intrinsic,
  title={Intrinsic Social Motivation via Causal Influence in Multi-Agent RL},
  author={Jaques, Natasha and Lazaridou, Angeliki and Hughes, Edward and Gulcehre, Caglar and Ortega, Pedro A and Strouse, DJ and Leibo, Joel Z and de Freitas, Nando},
  journal={arXiv preprint arXiv:1810.08647},
  year={2018}
}

@article{hill2017understanding,
  title={Understanding grounded language learning agents},
  author={Hill, Felix and Hermann, Karl Moritz and Blunsom, Phil and Clark, Stephen},
  journal={arXiv preprint arXiv:1710.09867},
  year={2017}
}

@article{steels1995self,
  title={A self-organizing spatial vocabulary},
  author={Steels, Luc},
  journal={Artificial life},
  volume={2},
  number={3},
  pages={319--332},
  year={1995},
  publisher={MIT Press}
}

@article{baronchelli2006sharp,
  title={Sharp transition towards shared vocabularies in multi-agent systems},
  author={Baronchelli, Andrea and Felici, Maddalena and Loreto, Vittorio and Caglioti, Emanuele and Steels, Luc},
  journal={Journal of Statistical Mechanics: Theory and Experiment},
  volume={2006},
  number={06},
  pages={P06014},
  year={2006},
  publisher={IOP Publishing}
}

@article{puglisi2008cultural,
  title={Cultural route to the emergence of linguistic categories},
  author={Puglisi, Andrea and Baronchelli, Andrea and Loreto, Vittorio},
  journal={Proceedings of the National Academy of Sciences},
  volume={105},
  number={23},
  pages={7936--7940},
  year={2008},
  publisher={National Acad Sciences}
}

@InProceedings{torvald2014survey,
  author = 	"Lekvam, Torvald
		and Gamb{\"a}ck, Bj{\"o}rn
		and Bungum, Lars",
  title = 	"Agent-based modeling of language evolution",
  booktitle = 	"Proceedings of the 5th Workshop on Cognitive Aspects of Computational      Language Learning (CogACLL)    ",
  year = 	"2014",
  publisher = 	"Association for Computational Linguistics",
  pages = 	"49--54",
  location = 	"Gothenburg, Sweden",
  doi = 	"10.3115/v1/W14-0510",
  url = 	"http://aclweb.org/anthology/W14-0510"
}

@book{macwhinney2013emergence,
  title={The emergence of language},
  author={MacWhinney, Brian},
  year={2013},
  publisher={Psychology Press}
}

@article{harnad1990symbol,
  title={The symbol grounding problem},
  author={Harnad, Stevan},
  journal={Physica D: Nonlinear Phenomena},
  volume={42},
  number={1-3},
  pages={335--346},
  year={1990},
  publisher={Elsevier}
}

@inproceedings{socher2013recursive,
    title = "Recursive Deep Models for Semantic Compositionality Over a Sentiment Treebank",
    author = "Socher, Richard  and
      Perelygin, Alex  and
      Wu, Jean  and
      Chuang, Jason  and
      Manning, Christopher D.  and
      Ng, Andrew  and
      Potts, Christopher",
    booktitle = "Proceedings of the 2013 Conference on Empirical Methods in Natural Language Processing",
    month = oct,
    year = "2013",
    address = "Seattle, Washington, USA",
    publisher = "Association for Computational Linguistics",
    url = "https://www.aclweb.org/anthology/D13-1170",
    pages = "1631--1642",
}

@incollection{word2vec2013,
title = {Distributed Representations of Words and Phrases and their Compositionality},
author = {Mikolov, Tomas and Sutskever, Ilya and Chen, Kai and Corrado, Greg S and Dean, Jeff},
booktitle = {Advances in Neural Information Processing Systems 26},
editor = {C. J. C. Burges and L. Bottou and M. Welling and Z. Ghahramani and K. Q. Weinberger},
pages = {3111--3119},
year = {2013},
publisher = {Curran Associates, Inc.},
url = {http://papers.nips.cc/paper/5021-distributed-representations-of-words-and-phrases-and-their-compositionality.pdf}
}

@article{kim2014cnn,
author = {Kim, Yoon},
year = {2014},
month = {08},
pages = {},
title = {Convolutional Neural Networks for Sentence Classification},
journal = {Proceedings of the 2014 Conference on Empirical Methods in Natural Language Processing},
doi = {10.3115/v1/D14-1181}
}

@inproceedings{matuszek2018grounded,
  title={Grounded Language Learning: Where Robotics and NLP Meet.},
  author={Matuszek, Cynthia},
  booktitle={IJCAI},
  pages={5687--5691},
  year={2018}
}

@book{berwick2016only,
  title={Why only us: Language and evolution},
  author={Berwick, Robert C and Chomsky, Noam},
  year={2016},
  publisher={MIT press}
}

@article{kottur2017natural,
  title={Natural language does not emerge'naturally'in multi-agent dialog},
  author={Kottur, Satwik and Moura, Jos{\'e} MF and Lee, Stefan and Batra, Dhruv},
  journal={arXiv preprint arXiv:1706.08502},
  year={2017}
}

@article{smith2003iterated,
  title={Iterated learning: A framework for the emergence of language},
  author={Smith, Kenny and Kirby, Simon and Brighton, Henry},
  journal={Artificial life},
  volume={9},
  number={4},
  pages={371--386},
  year={2003},
  publisher={MIT Press}
}

@article{cao2018emergent,
  title={Emergent communication through negotiation},
  author={Cao, Kris and Lazaridou, Angeliki and Lanctot, Marc and Leibo, Joel Z and Tuyls, Karl and Clark, Stephen},
  journal={arXiv preprint arXiv:1804.03980},
  year={2018}
}

@inproceedings{Siegelmann1992NN,
 author = {Siegelmann, Hava T. and Sontag, Eduardo D.},
 title = {On the Computational Power of Neural Nets},
 booktitle = {Proceedings of the Fifth Annual Workshop on Computational Learning Theory},
 series = {COLT '92},
 year = {1992},
 isbn = {0-89791-497-X},
 location = {Pittsburgh, Pennsylvania, USA},
 pages = {440--449},
 numpages = {10},
 url = {http://doi.acm.org/10.1145/130385.130432},
 doi = {10.1145/130385.130432},
 acmid = {130432},
 publisher = {ACM},
 address = {New York, NY, USA},
}

@inproceedings{da2016wow,
  title={Wow! What a useful extension! Introducing Non-Referential Concepts to Wordnet},
  author={Da Costa, Luis Morgado and Bond, Francis},
  booktitle={Proceedings of the Tenth International Conference on Language Resources and Evaluation (LREC 2016)},
  pages={4323--4328},
  year={2016}
}

@article{hochreiter1997long,
  title={Long short-term memory},
  author={Hochreiter, Sepp and Schmidhuber, J{\"u}rgen},
  journal={Neural computation},
  volume={9},
  number={8},
  pages={1735--1780},
  year={1997},
  publisher={MIT Press}
}

@inproceedings{sutskever2014sequence,
  title={Sequence to sequence learning with neural networks},
  author={Sutskever, Ilya and Vinyals, Oriol and Le, Quoc V},
  booktitle={Advances in neural information processing systems},
  pages={3104--3112},
  year={2014}
}

@article{vinyals2015order,
  title={Order matters: Sequence to sequence for sets},
  author={Vinyals, Oriol and Bengio, Samy and Kudlur, Manjunath},
  journal={arXiv preprint arXiv:1511.06391},
  year={2015}
}

@article{jang2016categorical,
  title={Categorical reparameterization with gumbel-softmax},
  author={Jang, Eric and Gu, Shixiang and Poole, Ben},
  journal={arXiv preprint arXiv:1611.01144},
  year={2016}
}

@article{bengio2013estimating,
  title={Estimating or propagating gradients through stochastic neurons for conditional computation},
  author={Bengio, Yoshua and L{\'e}onard, Nicholas and Courville, Aaron},
  journal={arXiv preprint arXiv:1308.3432},
  year={2013}
}

@article{williams1992simple,
  title={Simple statistical gradient-following algorithms for connectionist reinforcement learning},
  author={Williams, Ronald J},
  journal={Machine learning},
  volume={8},
  number={3-4},
  pages={229--256},
  year={1992},
  publisher={Springer}
}

@incollection{kirby2002emergence,
  title={The emergence of linguistic structure: An overview of the iterated learning model},
  author={Kirby, Simon and Hurford, James R},
  booktitle={Simulating the evolution of language},
  pages={121--147},
  year={2002},
  publisher={Springer}
}

@article{brighton2006understanding,
  title={Understanding linguistic evolution by visualizing the emergence of topographic mappings},
  author={Brighton, Henry and Kirby, Simon},
  journal={Artificial life},
  volume={12},
  number={2},
  pages={229--242},
  year={2006},
  publisher={MIT Press}
}

@inproceedings{lowe2019pitfalls,
  title={On the Pitfalls of Measuring Emergent Communication},
  author={Lowe, Ryan and Foerster, Jakob and Boureau, Y-Lan and Pineau, Joelle and Dauphin, Yann},
  booktitle={Proceedings of the 18th International Conference on Autonomous Agents and MultiAgent Systems},
  pages={693--701},
  year={2019},
  organization={International Foundation for Autonomous Agents and Multiagent Systems}
}

@article{andreas2019measuring,
  title={Measuring compositionality in representation learning},
  author={Andreas, Jacob},
  journal={arXiv preprint arXiv:1902.07181},
  year={2019}
}

@inproceedings{papineni2002bleu,
  title={BLEU: a method for automatic evaluation of machine translation},
  author={Papineni, Kishore and Roukos, Salim and Ward, Todd and Zhu, Wei-Jing},
  booktitle={Proceedings of the 40th annual meeting on association for computational linguistics},
  pages={311--318},
  year={2002},
  organization={Association for Computational Linguistics}
}

@inproceedings{rennie2017self,
  title={Self-critical sequence training for image captioning},
  author={Rennie, Steven J and Marcheret, Etienne and Mroueh, Youssef and Ross, Jerret and Goel, Vaibhava},
  booktitle={Proceedings of the IEEE Conference on Computer Vision and Pattern Recognition},
  pages={7008--7024},
  year={2017}
}

@book{vapnik2013nature,
  title={The nature of statistical learning theory},
  author={Vapnik, Vladimir},
  year={2013},
  publisher={Springer science \& business media}
}

@article{locatello2018challenging,
  title={Challenging common assumptions in the unsupervised learning of disentangled representations},
  author={Locatello, Francesco and Bauer, Stefan and Lucic, Mario and Gelly, Sylvain and Sch{\"o}lkopf, Bernhard and Bachem, Olivier},
  journal={arXiv preprint arXiv:1811.12359},
  year={2018}
}